<record><leader>00000cas a22000007a 4500</leader><controlfield tag="001">9548921</controlfield><controlfield tag="008">830526d18221832mauwr ne      0    0eng d</controlfield><datafield ind1=" " ind2=" " tag="010"><subfield code="a">sn 83020783 </subfield></datafield><datafield ind1=" " ind2=" " tag="040"><subfield code="a">NPX</subfield><subfield code="b">eng</subfield><subfield code="c">NPX</subfield><subfield code="d">OCL</subfield><subfield code="d">DLC</subfield><subfield code="d">YOX</subfield><subfield code="d">MGN</subfield><subfield code="d">CNK</subfield><subfield code="d">MGN</subfield><subfield code="d">CNW</subfield><subfield code="d">OCL</subfield><subfield code="d">KRTAS</subfield><subfield code="d">OCLCF</subfield><subfield code="d">OCLCO</subfield><subfield code="d">CUS</subfield></datafield><datafield ind1=" " ind2=" " tag="012"><subfield code="b">3</subfield></datafield><datafield ind1=" " ind2=" " tag="019"><subfield code="a">9545668</subfield></datafield><datafield ind1=" " ind2=" " tag="042"><subfield code="a">msc</subfield></datafield><datafield ind1=" " ind2=" " tag="043"><subfield code="a">n-us-ma</subfield></datafield><datafield ind1="0" ind2="0" tag="050"><subfield code="a">Newspaper 8160-X</subfield></datafield><datafield ind1=" " ind2="4" tag="050"><subfield code="a">AN</subfield></datafield><datafield ind1="0" ind2="0" tag="245"><subfield code="a">Columbian reporter and Old Colony journal.</subfield></datafield><datafield ind1="1" ind2="0" tag="246"><subfield code="a">Columbian reporter</subfield></datafield><datafield ind1=" " ind2=" " tag="260"><subfield code="a">Taunton, Mass. :</subfield><subfield code="b">[s.n.],</subfield></datafield><datafield ind1=" " ind2=" " tag="300"><subfield code="a">volumes ;</subfield><subfield code="c">50-52 cm.</subfield></datafield><datafield ind1=" " ind2=" " tag="310"><subfield code="a">Weekly</subfield></datafield><datafield ind1=" " ind2=" " tag="336"><subfield code="a">text</subfield><subfield code="b">txt</subfield><subfield code="2">rdacontent</subfield></datafield><datafield ind1=" " ind2=" " tag="337"><subfield code="a">unmediated</subfield><subfield code="b">n</subfield><subfield code="2">rdamedia</subfield></datafield><datafield ind1=" " ind2=" " tag="338"><subfield code="a">volume</subfield><subfield code="b">nc</subfield><subfield code="2">rdacarrier</subfield></datafield><datafield ind1="0" ind2=" " tag="362"><subfield code="a">Vol. 2, no. 53 (Apr. 3, 1822)-</subfield></datafield><datafield ind1="1" ind2=" " tag="362"><subfield code="a">Ceased in 1832?</subfield></datafield><datafield ind1=" " ind2=" " tag="500"><subfield code="a">Editor: J. Chapin, &lt;June 26-Aug. 28, 1822&gt;, &lt;June 1, 1825-Aug. 29, 1832&gt;.</subfield></datafield><datafield ind1=" " ind2=" " tag="530"><subfield code="a">Also available in microform from General Microfilm of New England.</subfield></datafield><datafield ind1=" " ind2="0" tag="651"><subfield code="a">Taunton (Mass.)</subfield><subfield code="v">Newspapers.</subfield></datafield><datafield ind1=" " ind2="7" tag="651"><subfield code="a">Massachusetts</subfield><subfield code="z">Taunton.</subfield><subfield code="2">fast</subfield><subfield code="0">(OCoLC)fst01214927</subfield></datafield><datafield ind1=" " ind2="7" tag="655"><subfield code="a">Newspapers.</subfield><subfield code="2">fast</subfield><subfield code="0">(OCoLC)fst01423814</subfield></datafield><datafield ind1="1" ind2=" " tag="700"><subfield code="a">Chapin, Jacob.</subfield></datafield><datafield ind1=" " ind2=" " tag="752"><subfield code="a">United States</subfield><subfield code="b">Massachusetts</subfield><subfield code="c">Bristol</subfield><subfield code="d">Taunton.</subfield></datafield><datafield ind1="0" ind2="0" tag="780"><subfield code="t">Old Colony reporter (Taunton, Mass.)</subfield><subfield code="w">(DLC)sn 83020782</subfield><subfield code="w">(OCoLC)9545562</subfield></datafield><datafield ind1="0" ind2="0" tag="785"><subfield code="t">Old Colony Whig and Columbian reporter</subfield><subfield code="w">(DLC)sn 83020784</subfield><subfield code="w">(OCoLC)9545739</subfield></datafield><datafield ind1=" " ind2=" " tag="938"><subfield code="a">Kirtas Technologies, Inc.</subfield><subfield code="b">KRTS</subfield><subfield code="n">736770</subfield></datafield><datafield ind1="1" ind2=" " tag="029"><subfield code="a">AU@</subfield><subfield code="b">000025797096</subfield></datafield></record>